@article{wickham2014tidy,
	Author = {Wickham, Hadley},
	Journal = {Journal of Statistical Software},
	Number = {10},
	Pages = {1--23},
	Publisher = {Foundation for Open Access Statistics},
	Title = {Tidy Data},
	Volume = {59},
	Year = {2014}
}

@article{wang2020tsibble,
  author = {Earo Wang and Dianne Cook and Rob J Hyndman},
  title = {A new tidy data structure to support exploration and modeling of temporal data},
  journal = {Journal of Computational and Graphical Statistics},
  volume = {0},
  number = {0},
  pages = {1-13},
  year  = {2020},
  publisher = {Taylor \& Francis},
  doi = {10.1080/10618600.2019.1695624}
}

@article{Wickham2019,
  doi = {10.21105/joss.01686},
  url = {https://doi.org/10.21105/joss.01686},
  year = {2019},
  publisher = {The Open Journal},
  volume = {4},
  number = {43},
  pages = {1686},
  author = {Hadley Wickham and Mara Averick and Jennifer Bryan and Winston Chang and Lucy D'Agostino McGowan and Romain François and Garrett Grolemund and Alex Hayes and Lionel Henry and Jim Hester and Max Kuhn and Thomas Lin Pedersen and Evan Miller and Stephan Milton Bache and Kirill Müller and Jeroen Ooms and David Robinson and Dana Paige Seidel and Vitalie Spinu and Kohske Takahashi and Davis Vaughan and Claus Wilke and Kara Woo and Hiroaki Yutani},
  title = {Welcome to the Tidyverse},
  journal = {Journal of Open Source Software}
}
