@Manual{R-crosstalk,
  title = {crosstalk: Inter-Widget Interactivity for HTML Widgets},
  author = {Joe Cheng},
  year = {2020},
  note = {R package version 1.1.0.1},
  url = {https://CRAN.R-project.org/package=crosstalk},
}

@Manual{R-fable,
  title = {fable: Forecasting Models for Tidy Time Series},
  author = {Mitchell O'Hara-Wild and Rob Hyndman and Earo Wang},
  year = {2020},
  note = {R package version 0.2.1},
  url = {https://CRAN.R-project.org/package=fable},
}

@Manual{R-feasts,
  title = {feasts: Feature Extraction and Statistics for Time Series},
  author = {Mitchell O'Hara-Wild and Rob Hyndman and Earo Wang},
  year = {2020},
  note = {R package version 0.1.5},
  url = {https://CRAN.R-project.org/package=feasts},
}

@Manual{R-htmlwidgets,
  title = {htmlwidgets: HTML Widgets for R},
  author = {Ramnath Vaidyanathan and Yihui Xie and JJ Allaire and Joe Cheng and Kenton Russell},
  year = {2019},
  note = {R package version 1.5.1},
  url = {https://CRAN.R-project.org/package=htmlwidgets},
}

@Manual{R-leaflet,
  title = {leaflet: Create Interactive Web Maps with the JavaScript 'Leaflet'
Library},
  author = {Joe Cheng and Bhaskar Karambelkar and Yihui Xie},
  year = {2019},
  note = {R package version 2.0.3},
  url = {https://CRAN.R-project.org/package=leaflet},
}

@Manual{R-loon,
  title = {loon: Interactive Statistical Data Visualization},
  author = {Adrian Waddell and R. Wayne Oldford},
  year = {2020},
  note = {R package version 1.3.1},
  url = {https://CRAN.R-project.org/package=loon},
}

@Manual{R-plotly,
  title = {plotly: Create Interactive Web Graphics via 'plotly.js'},
  author = {Carson Sievert and Chris Parmer and Toby Hocking and Scott Chamberlain and Karthik Ram and Marianne Corvellec and Pedro Despouy},
  year = {2020},
  note = {R package version 4.9.2.1},
  url = {https://CRAN.R-project.org/package=plotly},
}

@Manual{R-rbokeh,
  title = {rbokeh: R Interface for Bokeh},
  author = {Ryan Hafen and {Continuum Analytics, Inc.}},
  year = {2020},
  note = {R package version 0.5.1},
  url = {https://CRAN.R-project.org/package=rbokeh},
}

@Manual{R-shiny,
  title = {shiny: Web Application Framework for R},
  author = {Winston Chang and Joe Cheng and JJ Allaire and Yihui Xie and Jonathan McPherson},
  year = {2020},
  note = {R package version 1.5.0},
  url = {https://CRAN.R-project.org/package=shiny},
}

@Manual{R-tsibbledata,
  title = {tsibbledata: Diverse Datasets for 'tsibble'},
  author = {Mitchell O'Hara-Wild and Rob Hyndman and Earo Wang},
  year = {2020},
  note = {R package version 0.2.0},
  url = {https://CRAN.R-project.org/package=tsibbledata},
}

@Book{plotly2020,
  author = {Carson Sievert},
  title = {Interactive Web-Based Data Visualization with R, plotly, and shiny},
  publisher = {Chapman and Hall/CRC},
  year = {2020},
  isbn = {9781138331457},
  url = {https://plotly-r.com},
}

